@online{ecma5,
  title = "{ECMAScript Language Specification. Edition 5.1}",
  year = "2011",
  url = "https://ecma-international.org/ecma-262/5.1/",
  lastaccessed = {August 23, 2019},
}

@online{es2020,
  title = "{GitHub repository for ECMAScript 2020 Language Specification.}",
  year = "2019",
  url = "https://github.com/tc39/ecma262",
  lastaccessed = {August 23, 2019},
}

@online{proposals,
  title = "{GitHub repository for ECMAScript proposals.}",
  year = "2019",
  url = "https://github.com/tc39/proposals",
  lastaccessed = {August 23, 2019},
}

@online{meanjs,
  title = "{MENA.JS. Full-Stack JavaScript Framework}",
  year = "2019",
  url = "https://http://meanjs.org/",
  lastaccessed = {August 23, 2019},
}

@online{nodejs,
  title = "{Node.js. A JavaScript runtime built on Chrome's V8 JavaScript engine}",
  year = "2019",
  url = "https://nodejs.org/",
  lastaccessed = {August 23, 2019},
}

@online{espruino,
  title = "{Espruino - JavaScript for Microcontrollers}",
  year = "2019",
  url = "https://www.espruino.com/",
  lastaccessed = {August 23, 2019},
}

@online{tessel2,
  title = "{Tessel 2 is a robust IoT and robotics development platform}",
  year = "2019",
  url = "https://tessel.io/",
  lastaccessed = {August 23, 2019},
}

@techreport{scala-parser-combinators,
  title={Parser Combinators in Scala},
  author={Adriann, Moors and Frank, Piessens and Martin Odersky},
  year={2008},
  institution={K.U.Leuven, Leuven, Belgium, Technical Report},
  url = "http://www.cs.kuleuven.be/publicaties/rapporten/cw/CW491.pdf"
}

@inproceedings{aplas08,
  title = {An Operational Semantics for {JavaScript}},
  author = {Sergio Maffeis and John C. Mitchell and Ankur Taly},
  booktitle = {In Proceedings of the Asian Symposium on Programming Languages and Systems},
  pages = {307--325},
  series = {APLAS '08},
  year = {2008}
}

@inproceedings{javadoc,
 author = {Zhai, Juan and Huang, Jianjun and Ma, Shiqing and Zhang, Xiangyu and Tan, Lin and Zhao, Jianhua and Qin, Feng},
 title = {Automatic Model Generation from Documentation for Java API Functions},
 booktitle = {In Proceedings of the 38th International Conference on Software Engineering},
 series = {ICSE '16},
 year = {2016},
 isbn = {978-1-4503-3900-1},
 location = {Austin, Texas},
 pages = {380--391},
 numpages = {12},
 url = {http://doi.acm.org/10.1145/2884781.2884881},
 doi = {10.1145/2884781.2884881},
 acmid = {2884881},
 publisher = {ACM},
 address = {New York, NY, USA},
}

@inproceedings{kjs,
 author = {Park, Daejun and Stef\u{a}nescu, Andrei and Ro\c{s}u, Grigore},
 title = {KJS: A Complete Formal Semantics of JavaScript},
 booktitle = {In Proceedings of the 36th ACM SIGPLAN Conference on Programming Language Design and Implementation},
 series = {PLDI '15},
 year = {2015},
 isbn = {978-1-4503-3468-6},
 location = {Portland, OR, USA},
 pages = {346--356},
 numpages = {11},
 url = {http://doi.acm.org/10.1145/2737924.2737991},
 doi = {10.1145/2737924.2737991},
 acmid = {2737991},
 publisher = {ACM},
 address = {New York, NY, USA},
 keywords = {JavaScript, K framework, mechanized semantics},
}

@inproceedings{lambdajs,
 author = {Guha, Arjun and Saftoiu, Claudiu and Krishnamurthi, Shriram},
 title = {The Essence of Javascript},
 booktitle = {In Proceedings of the 24th European Conference on Object-oriented Programming},
 series = {ECOOP'10},
 year = {2010},
 isbn = {3-642-14106-4, 978-3-642-14106-5},
 location = {Maribor, Slovenia},
 pages = {126--150},
 numpages = {25},
 url = {http://dl.acm.org/citation.cfm?id=1883978.1883988},
 acmid = {1883988},
 publisher = {Springer-Verlag},
 address = {Berlin, Heidelberg},
}

@inproceedings{jscert,
 author = {Bodin, Martin and Chargueraud, Arthur and Filaretti, Daniele and Gardner, Philippa and Maffeis, Sergio and Naudziuniene, Daiva and Schmitt, Alan and Smith, Gareth},
 title = {A Trusted Mechanised JavaScript Specification},
 booktitle = {In Proceedings of the 41st ACM SIGPLAN-SIGACT Symposium on Principles of Programming Languages},
 series = {POPL '14},
 year = {2014},
 isbn = {978-1-4503-2544-8},
 location = {San Diego, California, USA},
 pages = {87--100},
 numpages = {14},
 url = {http://doi.acm.org/10.1145/2535838.2535876},
 doi = {10.1145/2535838.2535876},
 acmid = {2535876},
 publisher = {ACM},
 address = {New York, NY, USA},
 keywords = {coq, javascript, mechanised semantics},
}

@inproceedings{gll,
 author = {Scott, Elizabeth and Johnstone, Adrian},
 title = {GLL Parsing},
 booktitle = {Electronic Notes in Theoretical Computer Science},
 year = {2010},
 url = {http://doi.org/10.1016/j.entcs.2010.08.041},
 doi = {10.1016/j.entcs.2010.08.041},
 keywords = {generalised parsing, recursive descent, RNGLR and RIGLR parsing, context free languages},
}

@inproceedings{packrat,
 author = {Ford, Bryan},
 title = {Packrat Parsing:: Simple, Powerful, Lazy, Linear Time, Functional Pearl},
 booktitle = {In Proceedings of the Seventh ACM SIGPLAN International Conference on Functional Programming},
 series = {ICFP '02},
 year = {2002},
 isbn = {1-58113-487-8},
 location = {Pittsburgh, PA, USA},
 pages = {36--47},
 numpages = {12},
 url = {http://doi.acm.org/10.1145/581478.581483},
 doi = {10.1145/581478.581483},
 acmid = {581483},
 publisher = {ACM},
 address = {New York, NY, USA},
 keywords = {Haskell, backtracking, lexical analysis, memoization, parser combinators, scannerless parsing, top-down parsing},
}

@inproceedings{peg,
 author = {Ford, Bryan},
 title = {Parsing Expression Grammars: A Recognition-based Syntactic Foundation},
 booktitle = {In Proceedings of the 31st ACM SIGPLAN-SIGACT Symposium on Principles of Programming Languages},
 series = {POPL '04},
 year = {2004},
 isbn = {1-58113-729-X},
 location = {Venice, Italy},
 pages = {111--122},
 numpages = {12},
 url = {http://doi.acm.org/10.1145/964001.964011},
 doi = {10.1145/964001.964011},
 acmid = {964011},
 publisher = {ACM},
 address = {New York, NY, USA},
 keywords = {BNF, GTDPL, TDPL, context-free grammars, lexical analysis, packrat parsing, parsing expression grammars, regular expressions, scannerless parsing, syntactic predicates, unified grammars},
}

@inproceedings{packrat-lr,
 author = {Warth, Alessandro and Douglass, James R. and Millstein, Todd},
 title = {Packrat Parsers Can Support Left Recursion},
 booktitle = {In Proceedings of the 2008 ACM SIGPLAN Symposium on Partial Evaluation and Semantics-based Program Manipulation},
 series = {PEPM '08},
 year = {2008},
 isbn = {978-1-59593-977-7},
 location = {San Francisco, California, USA},
 pages = {103--110},
 numpages = {8},
 url = {http://doi.acm.org/10.1145/1328408.1328424},
 doi = {10.1145/1328408.1328424},
 acmid = {1328424},
 publisher = {ACM},
 address = {New York, NY, USA},
 keywords = {left recursion, packrat parsing},
}

@article{javert,
 author = {Fragoso Santos, Jos{\'e} and Maksimovi\'{c}, Petar and Naud\v{z}i\={u}nien\.{e}, Daiva and Wood, Thomas and Gardner, Philippa},
 title = {JaVerT: JavaScript Verification Toolchain},
 journal = {Proc. ACM Program. Lang.},
 issue_date = {January 2018},
 volume = {2},
 number = {POPL},
 month = dec,
 year = {2017},
 issn = {2475-1421},
 pages = {50:1--50:33},
 articleno = {50},
 numpages = {33},
 url = {http://doi.acm.org/10.1145/3158138},
 doi = {10.1145/3158138},
 acmid = {3158138},
 publisher = {ACM},
 address = {New York, NY, USA},
 keywords = {Dynamic language verification, Frame inference, Intermediate representations, JavaScript verification, Programming language design and implementation},
}

@inproceedings{jsai,
 author = {Kashyap, Vineeth and Dewey, Kyle and Kuefner, Ethan A. and Wagner, John and Gibbons, Kevin and Sarracino, John and Wiedermann, Ben and Hardekopf, Ben},
 title = {JSAI: A Static Analysis Platform for JavaScript},
 booktitle = {In Proceedings of the International Symposium on Foundations of Software Engineering},
 year = {2014},
 pages = {121--132}
}

@inproceedings{tajs,
 author = {Jensen, Simon Holm and M{\o}ller, Anders and Thiemann, Peter},
 title = {Type Analysis for JavaScript},
 booktitle = {In Proceedings of the International Symposium on Static Analysis},
 year = {2009},
 pages = {238--255}
}

@inproceedings{wala,
 author = {Sridharan, Manu and Dolby, Julian and Chandra, Satish and Sch\"{a}fer, Max and Tip, Frank},
 title = {Correlation Tracking for Points-to Analysis of JavaScript},
 booktitle = {In Proceedings of the European Conference on Object-Oriented Programming},
 year = {2012}
}

@InProceedings{safe,
  author = {Park, Changhee and Ryu, Sukyoung},
  title =	{{Scalable and Precise Static Analysis of JavaScript Applications via Loop-Sensitivity}},
  booktitle =	{In Proceedings of 29th European Conference on Object-Oriented Programming (ECOOP 2015)},
  pages =	{735--756},
  series = {Leibniz International Proceedings in Informatics (LIPIcs)},
  ISBN = {978-3-939897-86-6},
  ISSN = {1868-8969},
  year = {2015},
  volume = {37},
  editor = {John Tang Boyland},
  publisher = {Schloss Dagstuhl--Leibniz-Zentrum fuer Informatik},
  address = {Dagstuhl, Germany},
  URL = {http://drops.dagstuhl.de/opus/volltexte/2015/5245},
  URN = {urn:nbn:de:0030-drops-52458},
  doi = {10.4230/LIPIcs.ECOOP.2015.735},
  annote = {Keywords: JavaScript, static analysis, loops}
}

@online{tc39,
  title = "TC39 -- ECMAScript",
  year = "2019",
  url = "https://www.ecma-international.org/memento/tc39-m.htm",
  lastaccessed = {August 23, 2019},
}

@online{test262,
  title = "Test262: ECMAScript Test Suite",
  year = "2019",
  url = "https://github.com/tc39/test262",
  lastaccessed = {August 23, 2019},
}

@online{ecmarkup,
  title = "Ecmarkup",
  year = "2019",
  url = "https://github.com/bterlson/ecmarkup",
  lastaccessed = {August 23, 2019},
}

@article{kframework,
 author = {Ro\c{s}u, Grigore and Traian Florin Şerbǎnuţǎ},
 title = {An overview of the K semantic framework},
 journal = {The Journal of Logic and Algebraic Programming},
 volume = {79},
 number = {6},
 month = aug,
 year = {2010},
 pages = {397--434}
}
