@online{es6,
  title = "{Standard ECMA-262 6th Edition ECMAScript 2015 Language Specification.}",
  year = "2015",
  url = "https://262.ecma-international.org/6.0/",
  lastaccessed = {April 23, 2021},
}

@online{es11,
  title = "{Standard ECMA-262 11th Edition ECMAScript 2020 Language Specification.}",
  year = "2020",
  url = "https://262.ecma-international.org/11.0/",
  lastaccessed = {April 23, 2021},
}

@inproceedings{jiset,
  title={JISET: JavaScript IR-based Semantics Extraction Toolchain},
  author={Park, Jihyeok and Park, Jihee and An, Seungmin and Ryu, Sukyoung},
  booktitle={2020 35th IEEE/ACM International Conference on Automated Software Engineering (ASE)},
  pages={647--658},
  year={2020},
  organization={IEEE}
}
