%%%%%%%%%%%%%%%%%%%%%%%%%%%%%%%%%%%%%%%%%%%%%%%%%%%%%%%%%%%%%%%%%%%%%%%%%%%%%%%%
% Programming Language Design Assistant
%%%%%%%%%%%%%%%%%%%%%%%%%%%%%%%%%%%%%%%%%%%%%%%%%%%%%%%%%%%%%%%%%%%%%%%%%%%%%%%%
@article{lda,
  title={Semantics of programming languages: A tool-oriented approach},
  author={Heering, Jan and Klint, Paul},
  journal={ACM Sigplan Notices},
  volume={35},
  number={3},
  pages={39--48},
  year={2000},
  publisher={ACM New York, NY, USA}
}

@inproceedings{lisa,
  title={LISA: An interactive environment for programming language development},
  author={Mernik, Marjan and Leni{\v{c}}, Mitja and Avdi{\v{c}}au{\v{s}}evi{\'c}, Enis and {\v{Z}}umer, Viljem},
  booktitle={International Conference on Compiler Construction},
  pages={1--4},
  year={2002},
  organization={Springer}
}

@article{dsl-survey,
  author = {Mernik, Marjan and Heering, Jan and Sloane, Anthony M.},
  title = {When and How to Develop Domain-Specific Languages},
  year = {2005},
  issue_date = {December 2005},
  publisher = {Association for Computing Machinery},
  address = {New York, NY, USA},
  volume = {37},
  number = {4},
  issn = {0360-0300},
  url = {https://doi.org/10.1145/1118890.1118892},
  doi = {10.1145/1118890.1118892},
  journal = {ACM Comput. Surv.},
  month = dec,
  pages = {316â€“344},
  numpages = {29},
  keywords = {Domain-specific language, application language, domain analysis, language development system}
}

@article{ipld,
  title={Incremental programming language development},
  author={Mernik, Marjan and {\v{Z}}umer, Viljem},
  journal={Computer Languages, Systems \& Structures},
  volume={31},
  number={1},
  pages={1--16},
  year={2005},
  publisher={Elsevier}
}
