@misc{ecma5,
  title = "{ECMAScript Language Specification. Edition 5.1}",
  howpublished = "\url{https://ecma-international.org/ecma-262/5.1/}"
}

@inproceedings{javadoc,
  author = {Juan, Zhai and Jianjun, Huang and Shiqing, Ma and Xiangyu, Zhang and Lin, Tan and Jianhua, Zhao and Feng, Qin},
  title = {Automatic Model Generation from Documentation for Java API Functions},
  booktitle = {Proceedings of the 33rd International Conference on Software Engineering},
  series = {ICSE '16},
  year = {2016},
  isbn = {978-1-4503-3900-1},
  location = {Austin, TX, USA},
  pages = {380--391},
  url = {https://doi.org/10.1145/2884781.2884881},
  doi = {10.1145/2884781.2884881}
}

@inproceedings{kjs,
  author = {Daejun, Park and Andrei, Stefănescu and Grigore, Roşu},
  title = {KJS: a complete formal semantics of JavaScript},
  booktitle = {Proceedings of the 36th ACM SIGPLAN Conference on Programming Language Design and Implementation},
  series = {PLDI '15},
  year = {2015},
  isbn = {978-1-4503-3468-6},
  location = {Portland, OR, USA},
  pages = {346--356},
  url = {https://doi.org/10.1145/2813885.2737991},
  doi = {10.1145/2813885.2737991}
}

@inproceedings{lambdajs,
  author = {Arjun, Guha and Claudiu, Saftoiu and Shriram, Krishnamurthi},
  title = {The Essence of JavaScript},
  booktitle = {Proceedings of European Conference on Object-Oriented Programming},
  series = {ECOOP '10},
  year = {2010},
  isbn = {978-3-642-14106-5},
  url = {https://doi.org/10.1007/978-3-642-14107-2_7},
  doi = {10.1007/978-3-642-14107-2_7}
}

@inproceedings{jscert,
  author = {Martin, Bodin and Arthur, Chargueraud and Daniele, Filaretti and Philippa, Gardner and Sergio, Maffeis and Daiva, Naudziuniene and Alan, Schmitt and Gareth, Smith},
  title = {A trusted mechanised JavaScript specification},
  booktitle = {Proceedings of the 41st ACM SIGPLAN-SIGACT Symposium on Principles of Programming Languages},
  series = {POPL '14},
  year = {2014},
  isbn = {978-1-4503-2544-8},
  url = {https://doi.org/10.1145/2535838.2535876},
  doi = {10.1145/2535838.2535876}
}

@inproceedings{packrat,
  author = {Bryan, Ford},
  title = {Packrat parsing:: simple, powerful, lazy, linear time, functional pearl},
  booktitle = {Proceedings of the seventh ACM SIGPLAN international conference on Functional programming},
  series = {ICFP '02},
  year = {2002},
  isbn = {1-58113-487-8},
  url = {https://doi.org/10.1145/581478.581483},
  doi = {10.1145/581478.581483}
}

@inproceedings{peg,
  author = {Bryan, Ford},
  title = {Parsing expression grammars: a recognition-based syntactic foundation},
  booktitle = {Proceedings of the 31st ACM SIGPLAN-SIGACT symposium on Principles of programming languages},
  series = {POPL '04},
  year = {2004},
  isbn = {1-58113-729-X},
  url = {https://doi.org/10.1145/964001.964011},
  doi = {10.1145/964001.964011}
}

@inproceedings{packrat-lr,
  author = {Alessandro, lWarth and James, R. Douglass and Todd, Millstein},
  title = {Packrat parsers can support left recursion},
  booktitle = {Proceedings of the 2008 ACM SIGPLAN symposium on Partial evaluation and semantics-based program manipulation},
  series = {PEPM '08},
  year = {2008},
  isbn = {978-1-59593-977-7},
  url = {https://doi.org/10.1145/1328408.1328424},
  doi = {10.1145/1328408.1328424}
}
